<record xmlns="http://www.loc.gov/MARC21/slim" xmlns:xsi="http://www.w3.org/2001/XMLSchema-instance" xsi:schemaLocation="http://www.loc.gov/MARC21/slim http://www.loc.gov/standards/marcxml/schema/MARC21slim.xsd"><leader>02210nam a2200397   4500</leader><controlfield tag="001">1931815</controlfield><controlfield tag="003">NIC</controlfield><controlfield tag="006">m        d        </controlfield><controlfield tag="007">cr cn |||m|||a</controlfield><controlfield tag="008">150223m18979999ua      o     000 0aara  </controlfield><datafield ind1=" " ind2=" " tag="040"><subfield code="a">NNU</subfield><subfield code="b">eng</subfield><subfield code="e">rda</subfield><subfield code="c">NNU</subfield></datafield><datafield ind1=" " ind2="0" tag="050"><subfield code="a">PJ7852.A27</subfield><subfield code="b">S8 1901</subfield></datafield><datafield ind1="1" ind2=" " tag="100"><subfield code="6">880-01</subfield><subfield code="a">Nadi&#772;m, &#699;Abd Alla&#772;h,</subfield><subfield code="d">1845-1896.</subfield></datafield><datafield ind1="1" ind2="0" tag="245"><subfield code="6">880-02</subfield><subfield code="a">Sula&#772;fat al-Nadi&#772;m fi&#772; muntakhaba&#772;t al-Sayyid &#699;Abd Alla&#772;h al-Nadi&#772;m /</subfield><subfield code="c">jam&#699; shaqi&#772;qihi &#699;Abd al-Fatta&#772;h&#803; Nadi&#772;m.</subfield></datafield><datafield ind1=" " ind2=" " tag="260"><subfield code="6">880-03</subfield><subfield code="a">[al-Qa&#772;hirah] :</subfield><subfield code="b">al-Mat&#803;ba&#699;ah al-Ja&#772;mi&#699;ah,</subfield><subfield code="c">1897-</subfield></datafield><datafield ind1=" " ind2=" " tag="300"><subfield code="a">online resource (volumes)</subfield></datafield><datafield ind1=" " ind2=" " tag="336"><subfield code="a">text</subfield><subfield code="2">rdacontent</subfield></datafield><datafield ind1=" " ind2=" " tag="337"><subfield code="a">computer</subfield><subfield code="2">rdamedia</subfield></datafield><datafield ind1=" " ind2=" " tag="338"><subfield code="a">online resource</subfield><subfield code="2">rdacarrier</subfield></datafield><datafield ind1=" " ind2=" " tag="500"><subfield code="a">Part of the Arabic Collections Online (ACO) project, contributed by Cornell University Libraries.</subfield></datafield><datafield ind1=" " ind2=" " tag="533"><subfield code="a">Electronic reproduction.</subfield><subfield code="b">New York, N.Y. :</subfield><subfield code="c">New York University,</subfield><subfield code="d">2015.</subfield><subfield code="5">NNU</subfield></datafield><datafield ind1="1" ind2="0" tag="600"><subfield code="6">880-04</subfield><subfield code="a">Nadi&#772;m, &#699;Abd Alla&#772;h,</subfield><subfield code="d">1845-1896.</subfield></datafield><datafield ind1="1" ind2="7" tag="600"><subfield code="a">Nadi&#772;m, &#699;Abd Alla&#772;h,</subfield><subfield code="d">1845-1896</subfield><subfield code="2">fast</subfield><subfield code="0">(OCoLC)fst00103387</subfield></datafield><datafield ind1="1" ind2=" " tag="700"><subfield code="6">880-05</subfield><subfield code="a">Nadi&#772;m, &#699;Abd al-Fatta&#772;h&#803;.</subfield></datafield><datafield ind1="2" ind2=" " tag="710"><subfield code="a">Cornell University.</subfield><subfield code="b">Libraries.</subfield></datafield><datafield ind1="0" ind2=" " tag="730"><subfield code="a">Arabic Collections Online.</subfield></datafield><datafield ind1="0" ind2="8" tag="776"><subfield code="i">Online version:</subfield><subfield code="a">Nadi&#772;m, &#699;Abd Alla&#772;h, 1845-1896.</subfield><subfield code="t">Sula&#772;fat al-Nadi&#772;m fi&#772; muntakhaba&#772;t al-Sayyid &#699;Abd Alla&#772;h al-Nadi&#772;m.</subfield><subfield code="d">[al-Qa&#772;hirah] : al-Mat&#803;ba&#699;ah al-Ja&#772;mi&#699;ah, 1897-</subfield><subfield code="w">(OCoLC)811869622</subfield></datafield><datafield ind1="0" ind2="8" tag="776"><subfield code="i">Print version:</subfield><subfield code="a">Nadi&#772;m, &#699;Abd Alla&#772;h, 1845-1896.</subfield><subfield code="t">Sula&#772;fat al-Nadi&#772;m fi&#772; muntakhaba&#772;t al-Sayyid &#699;Abd Alla&#772;h al-Nadi&#772;m</subfield><subfield code="w">(NIC)1931815</subfield><subfield code="w">(DLC)   73219053 </subfield><subfield code="w">(OCoLC)43058140</subfield></datafield><datafield ind1="4" ind2="0" tag="856"><subfield code="u">http://hdl.handle.net/2333.1/83bk3mhq</subfield></datafield><datafield ind1="1" ind2=" " tag="880"><subfield code="6">100-01/r</subfield><subfield code="a">&#1606;&#1583;&#1610;&#1605;&#1548; &#1593;&#1576;&#1583; &#1575;&#1604;&#1604;&#1607;&#1548;</subfield><subfield code="d">1845-1896.</subfield></datafield><datafield ind1="1" ind2="0" tag="880"><subfield code="6">245-02/r</subfield><subfield code="a">&#1587;&#1604;&#1575;&#1601;&#1577; &#1575;&#1604;&#1606;&#1583;&#1610;&#1605; &#1601;&#1610; &#1605;&#1606;&#1578;&#1582;&#1576;&#1575;&#1578; &#1575;&#1604;&#1587;&#1610;&#1583; &#1593;&#1576;&#1583; &#1575;&#1604;&#1604;&#1607; &#1575;&#1604;&#1606;&#1583;&#1610;&#1605; /</subfield><subfield code="c">&#1580;&#1605;&#1593; &#1588;&#1602;&#1610;&#1602;&#1607; &#1593;&#1576;&#1583; &#1575;&#1604;&#1601;&#1578;&#1575;&#1581; &#1606;&#1583;&#1610;&#1605;.</subfield></datafield><datafield ind1=" " ind2=" " tag="880"><subfield code="6">260-03/r</subfield><subfield code="a">[&#1575;&#1604;&#1602;&#1575;&#1607;&#1585;&#1577;] :</subfield><subfield code="b">&#1575;&#1604;&#1605;&#1591;&#1576;&#1593;&#1577; &#1575;&#1604;&#1580;&#1575;&#1605;&#1593;&#1577;&#1548;</subfield><subfield code="c">1897-</subfield></datafield><datafield ind1="1" ind2="0" tag="880"><subfield code="6">600-04/r</subfield><subfield code="a">&#1606;&#1583;&#1610;&#1605;&#1548; &#1593;&#1576;&#1583; &#1575;&#1604;&#1604;&#1607;&#1548;</subfield><subfield code="d">1845-1896.</subfield></datafield><datafield ind1="1" ind2=" " tag="880"><subfield code="6">700-05/r</subfield><subfield code="a">&#1606;&#1583;&#1610;&#1605;&#1548; &#1593;&#1576;&#1583; &#1575;&#1604;&#1601;&#1578;&#1575;&#1581;.</subfield></datafield><datafield ind1=" " ind2=" " tag="959"><subfield code="a">NNU</subfield><subfield code="b">WEB</subfield><subfield code="c">GENI</subfield><subfield code="t">0</subfield><subfield code="m">Electronic access</subfield><subfield code="s">01</subfield></datafield><datafield ind1=" " ind2=" " tag="999"><subfield code="i">NIC_1931815</subfield><subfield code="o">(OCoLC)ocm43058140</subfield><subfield code="e">ok</subfield><subfield code="s">cornell_aco000113:v.1</subfield></datafield></record>